@article{borkar2011future,
  title={The future of microprocessors},
  author={Borkar, Shekhar and Chien, Andrew A},
  journal={Communications of the ACM},
  volume={54},
  number={5},
  pages={67--77},
  year={2011},
  publisher={ACM}
}
@unknown{3dmem,
author = {Ghose, Saugata and Boroumand, Amirali and Kim, Jeremie and Gómez-Luna, Juan and Mutlu, Onur},
year = {2019},
month = {07},
pages = {},
title = {A Workload and Programming Ease Driven Perspective of Processing-in-Memory}
}
@INPROCEEDINGS{fafnir12,
  author={Asgari, Bahar and Hadidi, Ramyad and Cao, Jiashen and Shim, Da Eun and Lim, Sung-Kyu and Kim, Hyesoon},
  booktitle={2021 IEEE International Symposium on High-Performance Computer Architecture (HPCA)}, 
  title={FAFNIR: Accelerating Sparse Gathering by Using Efficient Near-Memory Intelligent Reduction}, 
  year={2021},
  volume={},
  number={},
  pages={908-920},
  doi={10.1109/HPCA51647.2021.00080}}

  @INPROCEEDINGS{tom31,
  author={Hsieh, Kevin and Ebrahim, Eiman and Kim, Gwangsun and Chatterjee, Niladrish and O'Connor, Mike and Vijaykumar, Nandita and Mutlu, Onur and Keckler, Stephen W.},
  booktitle={2016 ACM/IEEE 43rd Annual International Symposium on Computer Architecture (ISCA)}, 
  title={Transparent Offloading and Mapping (TOM): Enabling Programmer-Transparent Near-Data Processing in GPU Systems}, 
  year={2016},
  volume={},
  number={},
  pages={204-216},
  doi={10.1109/ISCA.2016.27}}

@INPROCEEDINGS{pointerchasing32,
  author={Hsieh, Kevin and Khan, Samira and Vijaykumar, Nandita and Chang, Kevin K. and Boroumand, Amirali and Ghose, Saugata and Mutlu, Onur},
  booktitle={2016 IEEE 34th International Conference on Computer Design (ICCD)}, 
  title={Accelerating pointer chasing in 3D-stacked memory: Challenges, mechanisms, evaluation}, 
  year={2016},
  volume={},
  number={},
  pages={25-32},
  doi={10.1109/ICCD.2016.7753257}}
@INPROCEEDINGS{energyefficient40,
  author={Kim, Byoung-Hak and Lim, Eui Cheol and Rhee, Chae Eun},
  booktitle={2019 IEEE International Symposium on Circuits and Systems (ISCAS)}, 
  title={Exploration of a PIM Design Configuration for Energy-Efficient Task Offloading},
  year={2019},
  volume={},
  number={},
  pages={1-4},
  doi={10.1109/ISCAS.2019.8702339}}


@INPROCEEDINGS{coolpim47,
  author={Nai, Lifeng and Hadidi, Ramyad and Xiao, He and Kim, Hyojong and Sim, Jaewoong and Kim, Hyesoon},
  booktitle={2018 IEEE International Parallel and Distributed Processing Symposium (IPDPS)}, 
  title={CoolPIM: Thermal-Aware Source Throttling for Efficient PIM Instruction Offloading}, 
  year={2018},
  volume={},
  number={},
  pages={680-689},
  doi={10.1109/IPDPS.2018.00077}}


@ARTICLE{inmemmap51,
  author={Pugsley, Seth H. and Jestes, Jeffrey and Balasubramonian, Rajeev and Srinivasan, Vijayalakshmi and Buyuktosunoglu, Alper and Davis, Al and Li, Feifei},
  journal={IEEE Micro}, 
  title={Comparing Implementations of Near-Data Computing with In-Memory MapReduce Workloads}, 
  year={2014},
  volume={34},
  number={4},
  pages={44-52},
  doi={10.1109/MM.2014.54}}

@inproceedings{10.1145/2749469.2750385,
author = {Ahn, Junwhan and Yoo, Sungjoo and Mutlu, Onur and Choi, Kiyoung},
title = {PIM-Enabled Instructions: A Low-Overhead, Locality-Aware Processing-in-Memory Architecture},
year = {2015},
isbn = {9781450334020},
publisher = {Association for Computing Machinery},
address = {New York, NY, USA},
url = {https://doi.org/10.1145/2749469.2750385},
doi = {10.1145/2749469.2750385},
booktitle = {Proceedings of the 42nd Annual International Symposium on Computer Architecture},
pages = {336–348},
numpages = {13},
location = {Portland, Oregon},
series = {ISCA '15}
}

@INPROCEEDINGS{tesseract,
  author={Ahn, Junwhan and Hong, Sungpack and Yoo, Sungjoo and Mutlu, Onur and Choi, Kiyoung},
  booktitle={2015 ACM/IEEE 42nd Annual International Symposium on Computer Architecture (ISCA)}, 
  title={A scalable processing-in-memory accelerator for parallel graph processing}, 
  year={2015},
  volume={},
  number={},
  pages={105-117},
  doi={10.1145/2749469.2750386}}


@INPROCEEDINGS{mockingjay,
  author={Shah, Ishan and Jain, Akanksha and Lin, Calvin},
  booktitle={2022 IEEE International Symposium on High-Performance Computer Architecture (HPCA)}, 
  title={Effective Mimicry of Belady’s MIN Policy}, 
  year={2022},
  volume={},
  number={},
  pages={558-572},
  doi={10.1109/HPCA53966.2022.00048}}
@article{PEI_ISCA,
author = {Ahn, Junwhan and Yoo, Sungjoo and Mutlu, Onur and Choi, Kiyoung},
title = {PIM-Enabled Instructions: A Low-Overhead, Locality-Aware Processing-in-Memory Architecture},
year = {2015},
issue_date = {June 2015},
publisher = {Association for Computing Machinery},
address = {New York, NY, USA},
volume = {43},
number = {3S},
issn = {0163-5964},
url = {https://doi.org/10.1145/2872887.2750385},
doi = {10.1145/2872887.2750385},
journal = {SIGARCH Comput. Archit. News},
month = {jun},
pages = {336–348},
numpages = {13}
}

@article{hill2008amdahl,
  title={Amdahl's law in the multicore era},
  author={Hill, Mark D and Marty, Michael R},
  journal={Computer},
  volume={41},
  number={7},
  pages={33--38},
  year={2008},
  publisher={IEEE}
}

@inproceedings{borkar2007thousand,
  title={Thousand core chips: a technology perspective},
  author={Borkar, Shekhar},
  booktitle={Proceedings of the 44th annual Design Automation Conference},
  pages={746--749},
  year={2007},
  organization={ACM}
}

@inproceedings{suleman2012morphcore,
  title={MorphCore: An Energy-Efficient Microarchitecture for High Performance ILP and High Throughput TLP},
  author={Suleman, M Aater and Hashemi, Milad and Wilkerson, Chris and Patt, Yale N and others},
  booktitle={Microarchitecture (MICRO), 2012 45th Annual IEEE/ACM International Symposium on},
  pages={305--316},
  year={2012},
  organization={IEEE}
}

@article{pricopi2012bahurupi,
  title={Bahurupi: A polymorphic heterogeneous multi-core architecture},
  author={Pricopi, Mihai and Mitra, Tulika},
  journal={ACM Transactions on Architecture and Code Optimization (TACO)},
  volume={8},
  number={4},
  pages={22},
  year={2012},
  publisher={ACM}
}

@inproceedings{iyer2001power,
  title={Power aware microarchitecture resource scaling},
  author={Iyer, Anoop and Marculescu, Diana},
  booktitle={Proceedings of the conference on Design, automation and test in Europe},
  pages={190--196},
  year={2001},
  organization={IEEE Press}
}

@inproceedings{lukefahr2012composite,
  title={Composite cores: Pushing heterogeneity into a core},
  author={Lukefahr, Andrew and Padmanabha, Shruti and Das, Reetuparna and Sleiman, Faissal M and Dreslinski, Ronald and Wenisch, Thomas F and Mahlke, Scott},
  booktitle={Proceedings of the 2012 45th Annual IEEE/ACM International Symposium on Microarchitecture},
  pages={317--328},
  year={2012},
  organization={IEEE Computer Society}
}

@inproceedings{ansari2013illusionist,
  title={Illusionist: Transforming lightweight cores into aggressive cores on demand.},
  author={Ansari, Amin and Feng, Shuguang and Gupta, Shantanu and Torrellas, Josep and Mahlke, Scott A},
  booktitle={HPCA},
  pages={436--447},
  year={2013}
}

@article{ipek2007core,
  title={Core fusion: accommodating software diversity in chip multiprocessors},
  author={Ipek, Engin and Kirman, Meyrem and Kirman, Nevin and Martinez, Jose F},
  journal={ACM SIGARCH Computer Architecture News},
  volume={35},
  number={2},
  pages={186--197},
  year={2007},
  publisher={ACM}
}

@article{esmaeilzadeh2012dark,
  title={Dark silicon and the end of multicore scaling},
  author={Esmaeilzadeh, Hadi and Blem, Emily and St Amant, Renee and Sankaralingam, Karthikeyan and Burger, Doug},
  journal={Micro, IEEE},
  volume={32},
  number={3},
  pages={122--134},
  year={2012},
  publisher={IEEE}
}


@article{sherwood2003phase,
  title={Phase tracking and prediction},
  author={Sherwood, Timothy and Sair, Suleyman and Calder, Brad},
  journal={ACM SIGARCH Computer Architecture News},
  volume={31},
  number={2},
  pages={336--349},
  year={2003},
  publisher={ACM}
}

@book{wall1991limits,
  title={Limits of instruction-level parallelism},
  author={Wall, David W},
  volume={19},
  year={1991},
  publisher={ACM}
}

@book{hennessy2012computer,
  title={Computer architecture: a quantitative approach},
  author={Hennessy, John L and Patterson, David A},
  year={2012},
  publisher={Elsevier}
}

@misc{pollack,
author={Pollack, F},
title={Pollack’s Rule of Thumb for Microprocessor Performance and Area},
howpublished={\url{http://en.wikipedia.org/wiki/Pollack’s_Rule/}}
}

@misc{biglittle,
title={{big.LITTLE} Processing},
howpublished={\url{http://www.arm.com/products/processors/technologies/biglittleprocessing.php/}}
}

@misc{nehalam,
title={Nehalem (microarchitecture)},
howpublished={\url{http://en.wikipedia.org/wiki/Nehalem_(microarchitecture)/}}
}

@article{sudarshan2013on,
  title={On Dynamic Polymorphing of a Superscalar Core for Improving Energy Efficiency},
  author={Srinivasan, Sudarshan and Rodrigues, Rance and  Annamalai, Arunachalam and Koren, Israel and Kundu, Sandip},
  journal={IEEE International Conference on Computer Design},
  volume={31},
  year={2013},
  publisher={IEEE}
}

@inproceedings{van2012scheduling,
  title={Scheduling heterogeneous multi-cores through performance impact estimation (PIE)},
  author={Van Craeynest, Kenzo and Jaleel, Aamer and Eeckhout, Lieven and Narvaez, Paolo and Emer, Joel},
  booktitle={ACM SIGARCH Computer Architecture News},
  volume={40},
  number={3},
  pages={213--224},
  year={2012},
  organization={IEEE Computer Society}
}

@article{eyerman2006performance,
  title={A performance counter architecture for computing accurate CPI components},
  author={Eyerman, Stijn and Eeckhout, Lieven and Karkhanis, Tejas and Smith, James E},
  journal={ACM SIGOPS Operating Systems Review},
  volume={40},
  number={5},
  pages={175--184},
  year={2006},
  publisher={ACM}
}

@inproceedings{koufaty2010bias,
  title={Bias scheduling in heterogeneous multi-core architectures},
  author={Koufaty, David and Reddy, Dheeraj and Hahn, Scott},
  booktitle={Proceedings of the 5th European conference on Computer systems},
  pages={125--138},
  year={2010},
  organization={ACM}
}

@inproceedings{kumar2006core,
  title={Core architecture optimization for heterogeneous chip multiprocessors},
  author={Kumar, Rakesh and Tullsen, Dean M and Jouppi, Norman P},
  booktitle={Proceedings of the 15th international conference on Parallel architectures and compilation techniques},
  pages={23--32},
  year={2006},
  organization={ACM}
}

@inproceedings{heirman2011using,
  title={Using cycle stacks to understand scaling bottlenecks in multi-threaded workloads},
  author={Heirman, Wim and Carlson, Trevor E and Che, Shuai and Skadron, Kevin and Eeckhout, Lieven},
  booktitle={Workload Characterization (IISWC), 2011 IEEE International Symposium on},
  pages={38--49},
  year={2011},
  organization={IEEE}
}

@inproceedings{annamalai2012dynamic,
  title={Dynamic thread scheduling in asymmetric multicores to maximize performance-per-watt},
  author={Annamalai, Arunachalam and Rodrigues, Rance and Koren, Israel and Kundu, Sandip},
  booktitle={Parallel and Distributed Processing Symposium Workshops \& PhD Forum (IPDPSW), 2012 IEEE 26th International},
  pages={964--971},
  year={2012},
  organization={IEEE}
}

@inproceedings{chou2004microarchitecture,
  title={Microarchitecture optimizations for exploiting memory-level parallelism},
  author={Chou, Yuan and Fahs, Brian and Abraham, Santosh},
  booktitle={Computer Architecture, 2004. Proceedings. 31st Annual International Symposium on},
  pages={76--87},
  year={2004},
  organization={IEEE}
}

@inproceedings{phadke2011mlp,
  title={MLP aware heterogeneous memory system},
  author={Phadke, Sujay and Narayanasamy, Satish},
  booktitle={Design, Automation \& Test in Europe Conference \& Exhibition (DATE), 2011},
  pages={1--6},
  year={2011},
  organization={IEEE}
}

@inproceedings{kumar2003single,
  title={Single-ISA heterogeneous multi-core architectures: The potential for processor power reduction},
  author={Kumar, Rakesh and Farkas, Keith I and Jouppi, Norman P and Ranganathan, Parthasarathy and Tullsen, Dean M},
  booktitle={Microarchitecture, 2003. MICRO-36. Proceedings. 36th Annual IEEE/ACM International Symposium on},
  pages={81--92},
  year={2003},
  organization={IEEE}
}

@article{hamerly2004use,
  title={How to use simpoint to pick simulation points},
  author={Hamerly, Greg and Perelman, Erez and Calder, Brad},
  journal={ACM SIGMETRICS Performance Evaluation Review},
  volume={31},
  number={4},
  pages={25--30},
  year={2004},
  publisher={ACM}
}

@article{sherwood2003discovering,
  title={Discovering and exploiting program phases},
  author={Sherwood, Timothy and Perelman, Erez and Hamerly, Greg and Sair, Suleyman and Calder, Brad},
  journal={Micro, IEEE},
  volume={23},
  number={6},
  pages={84--93},
  year={2003},
  publisher={IEEE}
}

@inproceedings{carlson2011sniper,
  title={Sniper: exploring the level of abstraction for scalable and accurate parallel multi-core simulation},
  author={Carlson, Trevor E and Heirman, Wim and Eeckhout, Lieven},
  booktitle={Proceedings of 2011 International Conference for High Performance Computing, Networking, Storage and Analysis},
  pages={52},
  year={2011},
  organization={ACM}
}

@inproceedings{patil2004pinpointing,
  title={Pinpointing representative portions of large Intel{\textregistered} Itanium{\textregistered} programs with dynamic instrumentation},
  author={Patil, Harish and Cohn, Robert and Charney, Mark and Kapoor, Rajiv and Sun, Andrew and Karunanidhi, Anand},
  booktitle={Proceedings of the 37th annual IEEE/ACM International Symposium on Microarchitecture},
  pages={81--92},
  year={2004},
  organization={IEEE Computer Society}
}

@article{luk2005pin,
  title={Pin: building customized program analysis tools with dynamic instrumentation},
  author={Luk, Chi-Keung and Cohn, Robert and Muth, Robert and Patil, Harish and Klauser, Artur and Lowney, Geoff and Wallace, Steven and Reddi, Vijay Janapa and Hazelwood, Kim},
  journal={ACM Sigplan Notices},
  volume={40},
  number={6},
  pages={190--200},
  year={2005},
  publisher={ACM}
}

@article{thomadakis2011architecture,
  title={The architecture of the Nehalem processor and Nehalem-EP smp platforms},
  author={Thomadakis, Michael E},
  journal={Resource},
  volume={3},
  pages={2},
  year={2011}
}

@article{greenhalgh2011big,
  title={{big.LITTLE} processing with arm cortex-a15 \& cortex-a7},
  author={Greenhalgh, Peter},
  journal={ARM White Paper},
  year={2011}
}

@article{henning2006spec,
  title={{SPEC CPU2006} benchmark descriptions},
  author={Henning, John L},
  journal={ACM SIGARCH Computer Architecture News},
  volume={34},
  number={4},
  pages={1--17},
  year={2006},
  publisher={ACM}
}

